@misc{SymPySubs,
  author = {SymPy Development Team},
  title = {{Substitution}},
  year = 2021,
  howpublished = "\url{https://docs.sympy.org/latest/tutorial/basic_operations.html#substitution}",
  note = "[abgerufen am 15.02.2022]",
  language = {ngerman}
}
@misc{SymPyExpand,
  author = {SymPy Development Team},
  title = {{expand}},
  year = 2021,
  howpublished = "\url{https://docs.sympy.org/latest/tutorial/simplification.html#expand}",
  note = "[abgerufen am 15.02.2022]",
  language = {ngerman}
}
@misc{SymPySimplify,
  author = {SymPy Development Team},
  title = {{simplify}},
  year = 2021,
  howpublished = "\url{https://docs.sympy.org/latest/tutorial/simplification.html#simplify}",
  note = "[abgerufen am 15.02.2022]",
  language = {ngerman}
}
@misc{SymPyLimits,
  author = {SymPy Development Team},
  title = {{Limits}},
  year = 2021,
  howpublished = "\url{https://docs.sympy.org/latest/tutorial/calculus.html#limits}",
  note = "[abgerufen am 15.02.2022]",
  language = {ngerman}
}
@misc{SymPySqrt,
  author = {SymPy Development Team},
  title = {{What is Symbolic Computation?}},
  year = 2021,
  howpublished = "\url{https://docs.sympy.org/latest/tutorial/intro.html#what-is-symbolic-computation}",
  note = "[abgerufen am 15.02.2022]",
  language = {ngerman}
}
@misc{FachgruppeDef,
  author = {Fachgruppe Computeralgebra},
  title = {{Was ist Computeralgebra?}},
  howpublished = "\url{https://fachgruppe-computeralgebra.de/computeralgebra/}",
  note = "[abgerufen am 15.02.2022]",
  language = {ngerman}
}
@misc{FachgruppeEinsatz,
  author = {Fachgruppe Computeralgebra},
  title = {{Anwendungen der Computeralgebra}},
  howpublished = "\url{https://fachgruppe-computeralgebra.de/computeralgebra/}",
  note = "[abgerufen am 15.02.2022]",
  language = {ngerman}
}
@misc{Giac,
  author = {Bernard Parisse and Renée De Graeve},
  title = {{Presentation of Xcas, the swiss knife for mathematics.}},
  howpublished = "\url{http://www-fourier.ujf-grenoble.fr/~parisse/giac.html#thanks}",
  note = "[abgerufen am 15.02.2022]",
  language = {ngerman}
}
@misc{SymPyMain,
  author = {SymPy Development Team},
  title = {{SymPy}},
  howpublished = "\url{https://www.sympy.org/en/index.html}",
  note = "[abgerufen am 15.02.2022]",
  language = {ngerman}
}
@misc{Maple,
  author = {Maplesoft},
  title = {{Das essentielle Werkzeug für die Mathematik}},
  howpublished = "\url{https://de.maplesoft.com/products/maple/index.aspx?L=G}",
  note = "[abgerufen am 15.02.2022]",
  language = {ngerman}
}
@book{BO18,
  author = {Blandy, Jim and Orendorff, Jason},
  booktitle = { Programming Rust },
  edition = { 1. },
  isbn = {978-1-491-92728-1},
  publisher = { O'Reilly Media, Inc },
  publisherplace = {USA},
  title = {Programming Rust: Fast, Safe Systems Development},
  year = 2018,
  language = {ngerman}
}
@book{MK21,
  author = {Michael Knorrenschild},
  booktitle = { Numerische Mathematik },
  edition = { 7. },
  isbn = {978-3-446-46959-4},
  publisher = { Hanser },
  publisherplace = {DE},
  title = {Numerische Mathematik - Eine beispielorientiere Einführung},
  year = 2021,
  language = {ngerman}
}
@misc{ndarray,
  author = {maminrayej},
  title = {{nd\_array Source Github}},
  howpublished = "\url{https://github.com/maminrayej/nd_array}",
  note = "[abgerufen am 15.02.2022]",
  language = {ngerman}
}
@misc{polars,
  author = {pola-rs},
  title = {{polars Source Github}},
  howpublished = "\url{https://github.com/pola-rs/polars}",
  note = "[abgerufen am 15.02.2022]",
  language = {ngerman}
}
@book{SK19,
  author = {Sharma, Rahul and Kaihlavirta, Vesa},
  booktitle = { Mastering RUST },
  edition = { Second Edition },
  isbn = {978-1-78934-657-2},
  publisher = { Packt Publishing Ltd. },
  publisherplace = {UK},
  title = {Mastering RUST},
  year = 2019,
  language = {ngerman}
}
@misc{RustDangling,
  author = {Rust Book},
  title = {{References and Borrowing}},
  year = 2022,
  howpublished = "\url{https://doc.rust-lang.org/book/ch04-02-references-and-borrowing.html#dangling-references}",
  note = "[abgerufen am 28.02.2022]",
  language = {ngerman}
}
@misc{VecSrc,
  author = {Rust Source Code},
  title = {{Vec struct}},
  howpublished = "\url{https://doc.rust-lang.org/src/alloc/vec/mod.rs.html#151-403}",
  note = "[abgerufen am 28.02.2022]",
  language = {ngerman}
}
@misc{MonoCodeEx,
  author = {Rust Book},
  title = {{Performance of Code Using Generics}},
  howpublished = "\url{https://doc.rust-lang.org/book/ch10-01-syntax.html#performance-of-code-using-generics}",
  note = "[abgerufen am 13.06.2021]",
  language = {ngerman}
}
@misc{TraitBoundariesEx,
  author = {Rust Book},
  title = {{Using Trait Objects That Allow for Values of Different Types}},
  howpublished = "\url{https://doc.rust-lang.org/book/ch17-02-trait-objects.html}",
  note = "[abgerufen am 13.06.2021]",
  language = {ngerman}
}
@misc{LifetimeEx,
  author = {Rust Book},
  title = {{The Borrow Checker}},
  howpublished = "\url{https://doc.rust-lang.org/book/ch10-03-lifetime-syntax.html#the-borrow-checker}",
  note = "[abgerufen am 13.06.2021]",
  language = {ngerman}
}
@misc{RustLifetimeEx,
  author = {Rust Book},
  title = {{Validating References with Lifetimes}},
  year = 2021,
  howpublished = "\url{https://doc.rust-lang.org/book/ch10-03-lifetime-syntax.html}",
  note = "[abgerufen am 24.07.2021]",
  language = {ngerman}
}
@misc{PythonDocuIntPrecision,
  author = {Python docs},
  title = {{Numeric Types - int, float, complex}},
  howpublished = "\url{https://docs.python.org/3.8/library/stdtypes.html#numeric-types-int-float-complex}",
  note = "[abgerufen am 09.04.2022]",
  language = {ngerman}
}