@misc{WhyRust,
  author = {Rust Website},
  title = {{Why Rust?}},
  howpublished = "\url{https://www.rust-lang.org/}",
  note = "[abgerufen am 17.08.2021]",
  language = {ngerman}
}

@book{BO18,
  author = {Blandy, Jim and Orendorff, Jason},
  booktitle = { Programming Rust },
  edition = { 1. },
  isbn = {978-1-491-92728-1},
  publisher = { O'Reilly Media, Inc },
  publisherplace = {USA},
  title = {Programming Rust: Fast, Safe Systems Development},
  year = 2018,
  language = {ngerman}
}

@misc{OptionEx,
  author = {Rust Book},
  title = {{The Option Enum and Its Advantages Over Null Values}},
  howpublished = "\url{https://doc.rust-lang.org/book/ch06-01-defining-an-enum.html#the-option-enum-and-its-advantages-over-null-values}",
  note = "[abgerufen am 17.08.2021]",
  language = {ngerman}
}

@misc{ResultEx,
  author = {Rust Book},
  title = {{Recoverable Errors with Result}},
  howpublished = "\url{https://doc.rust-lang.org/book/ch09-02-recoverable-errors-with-result.html}",
  note = "[abgerufen am 17.08.2021]",
  language = {ngerman}
}

@misc{Rules1,
  author = {Rust Book},
  title = {{Ownership Rules}},
  howpublished = "\url{https://doc.rust-lang.org/book/ch04-01-what-is-ownership.html#ownership-rules}",
  note = "[abgerufen am 13.06.2021]",
  language = {ngerman}
}

@misc{Rules2,
  author = {Rust Book},
  title = {{The Rules of References}},
  howpublished = "\url{https://doc.rust-lang.org/book/ch04-02-references-and-borrowing.html#the-rules-of-references}",
  note = "[abgerufen am 13.06.2021]",
  language = {ngerman}
}

@misc{CopyTraitOwner,
  author = {Rust Book},
  title = {{Stack-Only Data: Copy}},
  year = 2021,
  howpublished = "\url{https://doc.rust-lang.org/book/ch04-01-what-is-ownership.html#stack-only-data-copy}",
  note = "[abgerufen am 24.07.2021]",
  language = {ngerman}
}

@misc{NoCopyTraitOwner,
  author = {Rust Book},
  title = {{Ways Variables and Data Interact: Move}},
  howpublished = "\url{https://doc.rust-lang.org/book/ch04-01-what-is-ownership.html#ways-variables-and-data-interact-move}",
  note = "[abgerufen am 17.08.2021]",
  language = {ngerman}
}

@misc{BorrowingEx,
  author = {Rust Book},
  title = {{References and Borrowing}},
  howpublished = "\url{https://doc.rust-lang.org/book/ch04-02-references-and-borrowing.html#references-and-borrowing}",
  note = "[abgerufen am 17.08.2021]",
  language = {ngerman}
}

@misc{LifetimeEx,
  author = {Rust Book},
  title = {{The Borrow Checker}},
  howpublished = "\url{https://doc.rust-lang.org/book/ch10-03-lifetime-syntax.html#the-borrow-checker}",
  note = "[abgerufen am 13.06.2021]",
  language = {ngerman}
}

@misc{RustLifetimeEx,
  author = {Rust Book},
  title = {{Validating References with Lifetimes}},
  year = 2021,
  howpublished = "\url{https://doc.rust-lang.org/book/ch10-03-lifetime-syntax.html}",
  note = "[abgerufen am 24.07.2021]",
  language = {ngerman}
}

@misc{RustDangling,
  author = {Rust Book},
  title = {{References and Borrowing}},
  year = 2021,
  howpublished = "\url{https://doc.rust-lang.org/book/ch04-02-references-and-borrowing.html#dangling-references}",
  note = "[abgerufen am 24.07.2021]",
  language = {ngerman}
}

@misc{VecSrc,
  author = {Rust Source Code},
  title = {{Vec struct}},
  howpublished = "\url{https://doc.rust-lang.org/src/alloc/vec/mod.rs.html#227-399}",
  note = "[abgerufen am 18.08.2021]",
  language = {ngerman}
}

@misc{StackDefault,
  author = {Rust by example},
  title = {{Box, stack and heap}},
  year = 2021,
  howpublished = "\url{https://doc.rust-lang.org/rust-by-example/std/box.html}",
  note = "[abgerufen am 24.07.2021]",
  language = {ngerman}
}

@misc{VecSrc2,
  author = {Rust Source Code},
  title = {{Vec struct}},
  howpublished = "\url{https://doc.rust-lang.org/src/alloc/vec/mod.rs.html#315-325}",
  note = "[abgerufen am 18.08.2021]",
  language = {ngerman}
}

@misc{RustRc,
  author = {Rust Book},
  title = {{Rc<T>, the Reference Counted Smart Pointer}},
  year = 2021,
  howpublished = "\url{https://doc.rust-lang.org/book/ch15-04-rc.html}",
  note = "[abgerufen am 18.08.2021]",
  language = {ngerman}
}

@misc{RustArc,
  author = {Rust Book},
  title = {{Atomic Reference Counting with Arc<T>}},
  year = 2021,
  howpublished = "\url{https://doc.rust-lang.org/book/ch16-03-shared-state.html#atomic-reference-counting-with-arct}",
  note = "[abgerufen am 18.08.2021]",
  language = {ngerman}
}

@book{SK19,
  author = {Sharma, Rahul and Kaihlavirta, Vesa},
  booktitle = { Mastering RUST },
  edition = { Second Edition },
  isbn = {978-1-78934-657-2},
  publisher = { Packt Publishing Ltd. },
  publisherplace = {UK},
  title = {Mastering RUST},
  year = 2019,
  language = {ngerman}
}

@misc{RustAAStable,
  author = {The Rust Core Team},
  title = {{Async-await on stable Rust!}},
  year = 2019,
  howpublished = "\url{https://blog.rust-lang.org/2019/11/07/Async-await-stable.html}",
  note = "[abgerufen am 14.06.2021]",
  language = {ngerman}
}

@misc{RustThreadsMove,
  author = {Rust Book},
  title = {{Using Threads to Run Code Simultaneously}},
  year = 2021,
  howpublished = "\url{https://doc.rust-lang.org/book/ch16-01-threads.html#using-move-closures-with-threads}",
  note = "[abgerufen am 24.07.2021]",
  language = {ngerman}
}

@misc{RustThreadsMessage,
  author = {Rust Book},
  title = {{Using Message Passing to Transfer Data Between Threads}},
  year = 2021,
  howpublished = "\url{https://doc.rust-lang.org/book/ch16-02-message-passing.html}",
  note = "[abgerufen am 24.07.2021]",
  language = {ngerman}
}

@misc{K1618,
  author = {Poetzsch-Heffter, A. and Meyer, J. and Müller, P.},
  howpublished = {FernUniversität Hagen Kurs 01618},
  title = {Einführung in die objektorientierte Programmierung},
  year = {Version Sommersemester 2017},
  language = {ngerman}
}

@book{Will20,
  author = {Will, Torsten T.},
  booktitle = { C++ },
  isbn = {978-3-8362-7595-8},
  publisher = { Rheinwerk Verlag GmbH },
  publisherplace = {Bonn},
  edition = { 2., aktualisierte },
  title = {C++ - Das umfassende Handbuch},
  year = 2020,
  language = {ngerman}
}

@misc{RustupInstall,
  author = {Rust Book},
  title = {{Installation}},
  year = 2021,
  howpublished = "\url{https://doc.rust-lang.org/book/ch01-01-installation.html#installation}",
  note = "[abgerufen am 24.07.2021]",
  language = {ngerman}
}

@misc{RustcRef,
  author = {Rustc dev guide},
  title = {{Overview of the Compiler}},
  howpublished = "\url{https://rustc-dev-guide.rust-lang.org/overview.html#references}",
  note = "[abgerufen am 15.06.2021]",
  language = {ngerman}
}

@misc{CargoGen,
  author = {Cargo Book},
  title = {{The Cargo Book}},
  year = 2021,
  howpublished = "\url{https://doc.rust-lang.org/cargo/index.html}",
  note = "[abgerufen am 24.07.2021]",
  language = {ngerman}
}

@misc{MonoCodeEx,
  author = {Rust Book},
  title = {{Performance of Code Using Generics}},
  howpublished = "\url{https://doc.rust-lang.org/book/ch10-01-syntax.html#performance-of-code-using-generics}",
  note = "[abgerufen am 13.06.2021]",
  language = {ngerman}
}

@misc{ClosureBook,
  author = {Rust Book},
  title = {{Closures: Anonymous Functions that Can Capture Their Environment}},
  howpublished = "\url{https://doc.rust-lang.org/book/ch13-01-closures.html}",
  note = "[abgerufen am 18.08.2021]",
  language = {ngerman}
}